<collection xmlns="http://www.loc.gov/MARC21/slim">
   <record>
      <leader>02013cam a2200445oi 4500</leader>
      <controlfield tag="001">6710635</controlfield>
      <controlfield tag="003">CaONFJC</controlfield>
      <controlfield tag="005">20140924092900.0</controlfield>
      <controlfield tag="006">m        d        </controlfield>
      <controlfield tag="007">cr |n|||||||||</controlfield>
      <controlfield tag="008">140609s2015    enk     ob    001 0 eng d</controlfield>
      <datafield ind1=" " ind2=" " tag="020">
         <subfield code="a">9780415710978 (hardback)</subfield>
      </datafield>
      <datafield ind1=" " ind2=" " tag="020">
         <subfield code="a">9781315756325 (e-book)</subfield>
      </datafield>
      <datafield ind1=" " ind2=" " tag="020">
         <subfield code="a">9781322157412 (MyiLibrary)</subfield>
      </datafield>
      <datafield ind1=" " ind2=" " tag="037">
         <subfield code="a">646996</subfield>
         <subfield code="b">MIL</subfield>
      </datafield>
      <datafield ind1=" " ind2=" " tag="039">
         <subfield code="a">exclude</subfield>
      </datafield>
      <datafield ind1=" " ind2=" " tag="040">
         <subfield code="a">CaONFJC</subfield>
         <subfield code="c">CaONFJC</subfield>
         <subfield code="e">rda</subfield>
         <subfield code="d">AEU</subfield>
      </datafield>
      <datafield ind1="0" ind2="4" tag="050">
         <subfield code="a">HM851</subfield>
         <subfield code="b">.C748 2015eb</subfield>
      </datafield>
      <datafield ind1="0" ind2="4" tag="082">
         <subfield code="a">303.4833</subfield>
         <subfield code="2">23</subfield>
      </datafield>
      <datafield ind1=" " ind2=" " tag="084">
         <subfield code="a">POL000000</subfield>
         <subfield code="2">bisacsh</subfield>
      </datafield>
      <datafield ind1=" " ind2=" " tag="090">
         <subfield code="a">Internet Access</subfield>
         <subfield code="b">AEGMCT</subfield>
      </datafield>
      <datafield ind1="1" ind2=" " tag="100">
         <subfield code="a">Croeser, Sky,</subfield>
         <subfield code="e">author.</subfield>
         <subfield code="0">http://id.loc.gov/authorities/names/no2014067552</subfield>
         <subfield code="0">http://viaf.org/viaf/308762782</subfield>
      </datafield>
      <datafield ind1="1" ind2="0" tag="245">
         <subfield code="a">Global justice and the politics of information :</subfield>
         <subfield code="b">the struggle over knowledge /</subfield>
         <subfield code="c">Sky Croeser.</subfield>
      </datafield>
      <datafield ind1=" " ind2="1" tag="264">
         <subfield code="a">London ;</subfield>
         <subfield code="a">New York :</subfield>
         <subfield code="b">Routledge, Taylor &amp; Francis Group,</subfield>
         <subfield code="c">2015.</subfield>
      </datafield>
      <datafield ind1=" " ind2=" " tag="300">
         <subfield code="a">1 online resource (xii, 182 pages)</subfield>
      </datafield>
      <datafield ind1=" " ind2=" " tag="336">
         <subfield code="a">text</subfield>
         <subfield code="b">txt</subfield>
         <subfield code="2">rdacontent</subfield>
         <subfield code="0">http://id.loc.gov/vocabulary/contentTypes/txt</subfield>
      </datafield>
      <datafield ind1=" " ind2=" " tag="337">
         <subfield code="a">computer</subfield>
         <subfield code="b">c</subfield>
         <subfield code="2">rdamedia</subfield>
         <subfield code="0">http://id.loc.gov/vocabulary/mediaTypes/c</subfield>
      </datafield>
      <datafield ind1=" " ind2=" " tag="338">
         <subfield code="a">online resource</subfield>
         <subfield code="b">cr</subfield>
         <subfield code="2">rdacarrier</subfield>
         <subfield code="0">http://id.loc.gov/vocabulary/carriers/cr</subfield>
      </datafield>
      <datafield ind1="1" ind2=" " tag="490">
         <subfield code="a">Rethinking globalizations ;</subfield>
         <subfield code="v">52</subfield>
      </datafield>
      <datafield ind1=" " ind2=" " tag="504">
         <subfield code="a">Includes bibliographical references (pages 157-177) and index.</subfield>
      </datafield>
      <datafield ind1=" " ind2=" " tag="588">
         <subfield code="a">Description based on print version record.</subfield>
      </datafield>
      <datafield ind1=" " ind2=" " tag="596">
         <subfield code="a">57</subfield>
      </datafield>
      <datafield ind1=" " ind2="0" tag="650">
         <subfield code="a">Information society</subfield>
         <subfield code="x">Social aspects.</subfield>
      </datafield>
      <datafield ind1=" " ind2="0" tag="650">
         <subfield code="a">Globalization</subfield>
         <subfield code="x">Social aspects.</subfield>
         <subfield code="0">http://id.loc.gov/authorities/subjects/sh2008115204</subfield>
      </datafield>
      <datafield ind1=" " ind2=" " tag="758">
         <subfield code="0">http://worldcat.org/entity/work/id/351720156</subfield>
      </datafield>
      <datafield ind1="0" ind2=" " tag="787">
         <subfield code="n">OCLC Work Id</subfield>
         <subfield code="o">http://worldcat.org/entity/work/id/351720156</subfield>
      </datafield>
      <datafield ind1=" " ind2="0" tag="830">
         <subfield code="a">Rethinking globalizations ;</subfield>
         <subfield code="v">52.</subfield>
      </datafield>
      <datafield ind1="4" ind2="0" tag="856">
         <subfield code="3">MacEwan University Access</subfield>
         <subfield code="u">http://lib.myilibrary.com/detail.asp?ID=646996</subfield>
         <subfield code="z">(Single User Access)</subfield>
      </datafield>
      <datafield ind1=" " ind2=" " tag="949">
         <subfield code="w">ORDER</subfield>
         <subfield code="h">UAIN</subfield>
         <subfield code="m">GR_MAC_INT</subfield>
         <subfield code="z">MILGMPSA</subfield>
      </datafield>
      <datafield ind1=" " ind2=" " tag="926">
         <subfield code="a">Internet Access</subfield>
         <subfield code="w">ORDER</subfield>
         <subfield code="c">1</subfield>
         <subfield code="i">6710635-1001</subfield>
         <subfield code="l">INTERNET</subfield>
         <subfield code="m">GR_MAC_INT</subfield>
         <subfield code="r">Y</subfield>
         <subfield code="s">Y</subfield>
         <subfield code="t">E-RESOURCE</subfield>
         <subfield code="u">10/21/2014</subfield>
         <subfield code="x">E-BOOK</subfield>
         <subfield code="z">MILGMPSA</subfield>
      </datafield>
   </record>
</collection>
